@article{dopelearning,
  author    = {Eric Malmi and
               Pyry Takala and
               Hannu Toivonen and
               Tapani Raiko and
               Aristides Gionis},
  title     = {DopeLearning: {A} Computational Approach to Rap Lyrics Generation},
  journal   = {CoRR},
  volume    = {abs/1505.04771},
  year      = {2015},
  url       = {http://arxiv.org/abs/1505.04771},
  archivePrefix = {arXiv},
  eprint    = {1505.04771},
  timestamp = {Mon, 13 Aug 2018 16:48:15 +0200},
  biburl    = {https://dblp.org/rec/journals/corr/MalmiTTRG15.bib},
  bibsource = {dblp computer science bibliography, https://dblp.org}
}

@misc{brownlee_2019, title={A Gentle Introduction to Calculating the BLEU Score for Text in Python}, url={https://machinelearningmastery.com/calculate-bleu-score-for-text-python/}, journal={Machine Learning Mastery}, author={Brownlee, Jason}, year={2019}, month={Dec}} 

 @misc{shepperd_wang_vee_svitkina_purohit_kumar_2019, title={Efficient Rematerialization For Deep Networks}, url={https://papers.nips.cc/paper/9653-efficient-rematerialization-for-deep-networks.pdf}, journal={papers.nips.cc}, publisher={NeurIPS 2019}, author={Shepperd, Neil and Wang, Joshua R and Vee, Erik and Svitkina, Zoya and Purohit, Manish and Kumar, Ravi}, year={2019}} 